@misc{livre,
  howpublished = {https://pt.wikipedia.org/wiki/Exchange-traded_fund},
  url = {https://pt.wikipedia.org/wiki/Exchange-traded_fund},
  title = {{Exchange-traded fund – Wikipédia, a enciclopédia livre}},
  note = {Accessed on Sat, January 11, 2025},
}


@misc{wikipedia,
  howpublished = {https://en.wikipedia.org/wiki/Exchange-traded_fund},
  url = {https://en.wikipedia.org/wiki/Exchange-traded_fund},
  title = {{Exchange-traded fund - Wikipedia}},
  note = {Accessed on Sat, January 11, 2025},
}


@misc{is,
  howpublished = {https://www.investopedia.com/terms/e/etf.asp},
  url = {https://www.investopedia.com/terms/e/etf.asp},
  title = {{Exchange-Traded Fund (ETF): How to Invest and What It Is}},
  description = {An exchange-traded fund (ETF) is a basket of securities that tracks or seeks to outperform an underlying index. ETFs can contain investments such as stocks and bonds.},
  note = {Accessed on Sat, January 11, 2025},
}


@misc{vanguard,
  howpublished = {https://investor.vanguard.com/investor-resources-education/etfs/what-is-an-etf},
  url = {https://investor.vanguard.com/investor-resources-education/etfs/what-is-an-etf},
  title = {{What are exchange traded funds (ETFs)? | Vanguard}},
  description = {An ETF is a collection of stocks or bonds in a single fund that trades on major stock exchanges. Learn how ETFs work to decide if they're right for you.},
  note = {Accessed on Sat, January 11, 2025},
}


@misc{finance,
  howpublished = {https://www.kaggle.com/datasets/stefanoleone992/mutual-funds-and-etfs},
  url = {https://www.kaggle.com/datasets/stefanoleone992/mutual-funds-and-etfs},
  title = {{US Funds dataset from Yahoo Finance}},
  description = {23k+ Mutual Funds and 2k+ ETFs scraped from Yahoo Finance},
  note = {Accessed on Sat, January 11, 2025},
}


@misc{yfinance,
  howpublished = {https://pypi.org/project/yfinance/},
  url = {https://pypi.org/project/yfinance/},
  title = {{yfinance}},
  description = {Download market data from Yahoo! Finance API},
  note = {Accessed on Sat, January 11, 2025},
}


@misc{root_mean_squared_error,
  howpublished = {https://scikit-learn.org/stable/modules/generated/sklearn.metrics.root_mean_squared_error.html},
  url = {https://scikit-learn/stable/modules/generated/sklearn.metrics.root_mean_squared_error.html},
  title = {{root_mean_squared_error}},
  description = {Gallery examples: Features in Histogram Gradient Boosting Trees Lagged features for time series forecasting},
  note = {Accessed on Sat, January 11, 2025},
}


@misc{wikipediaa,
  howpublished = {https://en.wikipedia.org/wiki/Autoregressive_integrated_moving_average},
  url = {https://en.wikipedia.org/wiki/Autoregressive_integrated_moving_average},
  title = {{Autoregressive integrated moving average - Wikipedia}},
  note = {Accessed on Sat, January 11, 2025},
}


@misc{documentation,
  howpublished = {https://lightgbm.readthedocs.io/en/latest/pythonapi/lightgbm.LGBMRegressor.html},
  url = {https://lightgbm.readthedocs.io/en/latest/pythonapi/lightgbm.LGBMRegressor.html},
  title = {{lightgbm.LGBMRegressor — LightGBM 4.5.0.99 documentation}},
  note = {Accessed on Sat, January 11, 2025},
}


@misc{wikipediab,
  howpublished = {https://en.wikipedia.org/wiki/Recurrent_neural_network},
  url = {https://en.wikipedia.org/wiki/Recurrent_neural_network},
  title = {{Recurrent neural network - Wikipedia}},
  note = {Accessed on Sat, January 11, 2025},
}
